<record><leader>00000cas a2200000 a 4500</leader><controlfield tag="001">9237483</controlfield><controlfield tag="008">830218d18651874nbuwr nea     0    0eng d</controlfield><datafield ind1=" " ind2=" " tag="010"><subfield code="a">sn 95073418 </subfield></datafield><datafield ind1=" " ind2=" " tag="040"><subfield code="a">ASU</subfield><subfield code="b">eng</subfield><subfield code="c">ASU</subfield><subfield code="d">OCL</subfield><subfield code="d">NVG</subfield><subfield code="d">OCL</subfield><subfield code="d">OCLCQ</subfield></datafield><datafield ind1=" " ind2=" " tag="042"><subfield code="a">msc</subfield></datafield><datafield ind1=" " ind2=" " tag="043"><subfield code="a">n-us-nb</subfield></datafield><datafield ind1="0" ind2=" " tag="130"><subfield code="a">Omaha weekly herald (Omaha, Neb. : 1865)</subfield></datafield><datafield ind1="1" ind2="0" tag="245"><subfield code="a">Omaha weekly herald.</subfield></datafield><datafield ind1=" " ind2=" " tag="260"><subfield code="a">Omaha, Neb. :</subfield><subfield code="b">Geo. L. Miller, D.W. Carpenter,</subfield><subfield code="c">1865-1874.</subfield></datafield><datafield ind1=" " ind2=" " tag="300"><subfield code="a">9 volumes ;</subfield><subfield code="c">70 cm</subfield></datafield><datafield ind1=" " ind2=" " tag="310"><subfield code="a">Weekly</subfield></datafield><datafield ind1=" " ind2=" " tag="336"><subfield code="a">text</subfield><subfield code="b">txt</subfield><subfield code="2">rdacontent</subfield></datafield><datafield ind1=" " ind2=" " tag="337"><subfield code="a">microform</subfield><subfield code="b">h</subfield><subfield code="2">rdamedia</subfield></datafield><datafield ind1=" " ind2=" " tag="338"><subfield code="a">microfilm reel</subfield><subfield code="b">hd</subfield><subfield code="2">rdacarrier</subfield></datafield><datafield ind1="0" ind2=" " tag="362"><subfield code="a">Vol. 1, no. 1 (Oct. 7, 1865)-v. 9, no. 27 (Apr. 3, 1874).</subfield></datafield><datafield ind1=" " ind2=" " tag="580"><subfield code="a">Daily ed.: Omaha daily herald.</subfield></datafield><datafield ind1=" " ind2=" " tag="533"><subfield code="a">Microfilm.</subfield><subfield code="b">Wooster, OH :</subfield><subfield code="c">Bell &amp; Howell,</subfield><subfield code="d">[1982?].</subfield><subfield code="e">10 microfilm reels ; 35 mm.</subfield></datafield><datafield ind1=" " ind2=" " tag="752"><subfield code="a">United States</subfield><subfield code="b">Nebraska</subfield><subfield code="c">Douglas</subfield><subfield code="d">Omaha.</subfield></datafield><datafield ind1="1" ind2=" " tag="775"><subfield code="t">Omaha daily herald</subfield></datafield><datafield ind1="1" ind2=" " tag="776"><subfield code="c">Original</subfield><subfield code="w">(DLC)sn 85033119</subfield></datafield><datafield ind1="0" ind2="0" tag="785"><subfield code="t">Herald (Omaha, Neb. : Weekly)</subfield></datafield></record>